<?xml version='1.0' encoding='UTF-8'?>
<record xmlns="http://www.loc.gov/MARC21/slim">
  <leader>01278cam a2200277Ma 4500</leader>
  <controlfield tag="001">1274710</controlfield>
  <controlfield tag="003">NjP</controlfield>
  <controlfield tag="005">20170605130956.0</controlfield>
  <controlfield tag="008">920211s1957    ae            000 0 ara d</controlfield>
  <datafield tag="024" ind1="7" ind2=" ">
    <subfield code="a">princeton_aco002313</subfield>
    <subfield code="2">local</subfield>
  </datafield>
  <datafield ind1=" " ind2=" " tag="035">
    <subfield code="a">(OCoLC)ocm25459335</subfield>
  </datafield>
  <datafield ind1=" " ind2=" " tag="035">
    <subfield code="9">CDR7241TS</subfield>
  </datafield>
  <datafield ind1=" " ind2=" " tag="040">
    <subfield code="a">HVL</subfield>
    <subfield code="c">HVL</subfield>
    <subfield code="d">PUL</subfield>
  </datafield>
  <datafield ind1=" " ind2=" " tag="043">
    <subfield code="a">f-ua---</subfield>
  </datafield>
  <datafield ind1="1" ind2=" " tag="100">
    <subfield code="a">Qalqashandī, Aḥmad ibn ʻAlī,</subfield>
    <subfield code="d">1355 or 1356-1418.</subfield>
    <subfield code="0">http://id.loc.gov/authorities/names/n82130725</subfield>
  </datafield>
  <datafield ind1="1" ind2="0" tag="245">
    <subfield code="a">Tartīb mamlakat al-Fāṭimiyyīn fī Misr :</subfield>
    <subfield code="b">maʼkhūdh min kitāb Ṣubḥ al-aʻshá (al-juzʼ al-thālith) /</subfield>
    <subfield code="c">taʼlīf al-Qalqashandī ; qad iʻtaná bi-nashrihi Māriūs Canār.</subfield>
  </datafield>
  <datafield ind1=" " ind2=" " tag="260">
    <subfield code="a">al-Jazāʼir :</subfield>
    <subfield code="b">[la Maison des Livres],</subfield>
    <subfield code="c">1957.</subfield>
  </datafield>
  <datafield ind1=" " ind2=" " tag="300">
    <subfield code="a">64 p. ;</subfield>
    <subfield code="c">25 cm.</subfield>
  </datafield>
  <datafield ind1="1" ind2=" " tag="490">
    <subfield code="a">Maktabat Maʻhad al-Durūs al-ʻuliyā al-Islāmīyah bi-al-Jazāʼir</subfield>
  </datafield>
  <datafield ind1=" " ind2=" " tag="500">
    <subfield code="a">Title on added t.p.: Les institutions des Fâtimides en Egypte.</subfield>
  </datafield>
  <datafield ind1=" " ind2="0" tag="650">
    <subfield code="a">Fatimites.</subfield>
    <subfield code="0">http://id.loc.gov/authorities/subjects/sh85047470</subfield>
  </datafield>
  <datafield ind1=" " ind2="0" tag="650">
    <subfield code="a">Islamic law</subfield>
    <subfield code="z">Egypt</subfield>
    <subfield code="x">History.</subfield>
  </datafield>
  <datafield ind1="1" ind2=" " tag="700">
    <subfield code="a">Canard, Marius.</subfield>
  </datafield>
  <datafield ind1="0" ind2=" " tag="740">
    <subfield code="a">Institutions des Fâtimides en Egypte.</subfield>
  </datafield>
  <datafield ind1=" " ind2="0" tag="830">
    <subfield code="a">Bibliothèque de l'Institut d'études supérieures islamiques d'Alger ;</subfield>
    <subfield code="v">12</subfield>
  </datafield>
  <datafield ind1=" " ind2=" " tag="947">
    <subfield code="a">CDR7241</subfield>
  </datafield>
  <datafield ind1=" " ind2=" " tag="911">
    <subfield code="a">20000402</subfield>
  </datafield>
  <datafield ind1="0" ind2="0" tag="852">
    <subfield code="0">1465256</subfield>
    <subfield code="b">nec</subfield>
    <subfield code="t">0</subfield>
    <subfield code="h">DT173</subfield>
    <subfield code="i">.Q257 1957</subfield>
  </datafield>
  <datafield ind1=" " ind2=" " tag="959">
    <subfield code="a">2000-06-13 00:00:00 -0400</subfield>
  </datafield>
</record>
